101 091000019 0114015332212311600A094101Your Bank              Some Bank              12      
5220Your Company IncA1                  RAj2392   CCDPAYROLL   221231221231   1011401530000001
6220910000191234567897       0000352100000001309      Leroy Jenkins           0011401530000001
6220910000191234567897       0000005050000001313      Leroy Jenkins           1011401530000002
705Im a special boy                                                                00010000002
82200000030018200002000000000000000000357150RAj2392                            011401530000001
5225Your Company IncA1                  Foobar    CCDYOU KNOW  240331240331   1011401530000002
6270910000191234567897       00000003505051309        Richard Branson         0011401530000001
82250000010009100001000000000350000000000000Foobar                             011401530000002
9000002000001000000040027300003000000000350000000357150                                       