101 026009593 02600959323011300000094101Bank Of America        Bank Of America                
5200Bob's Manufactur                    881234567 CCDPAYMENT         230120   1026009590000001
6270260095931234             0000154999               Bob's Manufacturing     1026009590000001
705Payment for Invoice 20230113001                                                 00010000001
62202600959311               0000154999               Metal Makers LLC        1026009590000002
705Payment for Invoice 20230113001                                                 00010000002
82000000040005201918000000154999000000154999881234567                          026009590000001
9000001000001000000040005201918000000154999000000154999                                       
9999999999999999999999999999999999999999999999999999999999999999999999999999999999999999999999
9999999999999999999999999999999999999999999999999999999999999999999999999999999999999999999999