101 026009593 02600959323011300000094101Bank Of America        Bank Of America                
5200Central Utility                     884563214 PPDREFUND          230116   1026009590000001
62702600959311               0000000013               Rob Burton              0026009590000001
62702600959321               0000000024               Doug Henley             0026009590000002
62702600959331               0000000009               Susie McKay             0026009590000003
62702600959341               0000000011               Bill Dobs               0026009590000004
6220260095939876             0000000056               Central Utility         0026009590000005
82000000050013004795000000000057000000000056884563214                          026009590000001
5200Central Utility                     884563214 PPDVERIFY          230116   1026009590000002
6270260095939876             0000000056               Central Utility         0026009590000001
62202600959311               0000000013               Rob Burton              0026009590000002
62202600959321               0000000024               Doug Henley             0026009590000003
62202600959331               0000000009               Susie McKay             0026009590000004
62202600959341               0000000011               Bill Dobs               0026009590000005
82000000050013004795000000000056000000000057884563214                          026009590000002
9000002000002000000100026009590000000000113000000000113                                       
9999999999999999999999999999999999999999999999999999999999999999999999999999999999999999999999
9999999999999999999999999999999999999999999999999999999999999999999999999999999999999999999999
9999999999999999999999999999999999999999999999999999999999999999999999999999999999999999999999
9999999999999999999999999999999999999999999999999999999999999999999999999999999999999999999999